@book{Tannenbaum,
author={Tanenbaum, Andrew S.},
title={Organização Estruturada de Computadores},
publisher={São Paulo: Pearson},
year={2013},
volume={4}
}

@article{chugg2004broadening,
  title={Broadening of the variance of the number of upsets in a read-cycle by MBUs},
  author={Chugg, AM and Moutrie, MJ and Jones, R},
  journal={IEEE Transactions on Nuclear Science},
  volume={51},
  number={6},
  pages={3701--3707},
  year={2004},
  publisher={IEEE}
}

@article{maestro2013soft,
  title={Soft error tolerant Content Addressable Memories (CAMs) using error detection codes and duplication},
  author={Maestro, Juan Antonio and Reviriego, Pedro and Baeg, Sanghyeon and Wen, ShiJie and Wong, Richard},
  journal={Microprocessors and Microsystems},
  volume={37},
  number={8},
  pages={1103--1107},
  year={2013},
  publisher={Elsevier}
}

@article{sanchez2016combined,
  title={Combined modular key and data error protection for content-addressable memories},
  author={Sanchez-Macian, Alfonso and Reviriego, Pedro and Maestro, Juan Antonio},
  journal={IEEE Transactions on Computers},
  volume={66},
  number={6},
  pages={1085--1090},
  year={2016},
  publisher={IEEE}
}

@inproceedings{hung2005mitigating,
  title={Mitigating soft errors in highly associative cache with CAM-based tag},
  author={Hung, Luong Dinh and Goshima, Masahiro and Sakai, Shuichi},
  booktitle={2005 International Conference on Computer Design},
  pages={342--347},
  year={2005},
  organization={IEEE}
}

@misc{lang2013processor,
  title={Processor fault tolerance through translation lookaside buffer refresh},
  author={Lang, Steven M},
  year={2013},
  month=apr # "~23",
  publisher={Google Patents},
  note={US Patent 8,429,135}
}

@article{silva2018extensible,
  title={An extensible code for correcting multiple cell upset in memory arrays},
  author={Silva, Felipe and Silveira, Jardel and Silveira, Jarbas and Marcon, C{\'e}sar and Vargas, Fabian and Lima, Ot{\'a}vio},
  journal={Journal of Electronic Testing},
  volume={34},
  number={4},
  pages={417--433},
  year={2018},
  publisher={Springer}
}

@article{vankeirsbilck2015integration,
  title={Integration of Soft Errors in Functional Safety: a conceptual study},
  author={Vankeirsbilck, Jens and Hallez, Hans and Boydens, Jeroen},
  journal={Annu. J. Electron.},
  volume={8},
  pages={108--111},
  year={2015}
}

@article{luk2005pin,
  title={Pin: building customized program analysis tools with dynamic instrumentation},
  author={Luk, Chi-Keung and Cohn, Robert and Muth, Robert and Patil, Harish and Klauser, Artur and Lowney, Geoff and Wallace, Steven and Reddi, Vijay Janapa and Hazelwood, Kim},
  journal={Acm sigplan notices},
  volume={40},
  number={6},
  pages={190--200},
  year={2005},
  publisher={ACM New York, NY, USA}
}

@inproceedings{seifert2008multi,
  title={Multi-cell upset probabilities of 45nm high-k+ metal gate SRAM devices in terrestrial and space environments},
  author={Seifert, N and Gill, B and Foley, K and Relangi, P},
  booktitle={2008 IEEE International Reliability Physics Symposium},
  pages={181--186},
  year={2008},
  organization={IEEE}
}

@article{slayman2005cache,
  title={Cache and memory error detection, correction, and reduction techniques for terrestrial servers and workstations},
  author={Slayman, Charles W},
  journal={IEEE Transactions on Device and Materials Reliability},
  volume={5},
  number={3},
  pages={397--404},
  year={2005},
  publisher={IEEE}
}

@inproceedings{varghese2013multiple,
  title={Multiple bit error correction for high data rate aerospace applications},
  author={Varghese, Bibin and Sreelal, S and Vinod, P and Krishnan, AR},
  booktitle={2013 IEEE Conference on Information \& Communication Technologies},
  pages={1086--1090},
  year={2013},
  organization={IEEE}
}

@inproceedings{argyrides2007matrix,
  title={Matrix codes: Multiple bit upsets tolerant method for SRAM memories},
  author={Argyrides, Costas and Zarandi, Hamid R and Pradhan, Dhiraj K},
  booktitle={22nd IEEE International Symposium on Defect and Fault-Tolerance in VLSI Systems (DFT 2007)},
  pages={340--348},
  year={2007},
  organization={IEEE}
}

@inproceedings{castro2016correction,
  title={A correction code for multiple cells upsets in memory devices for space applications},
  author={Castro, Helano de S and da Silveira, Jarbas AN and Coelho, Alexandre AP and e Silva, Felipe GA and Magalh{\~a}es, Philippe de S and de Lima, Ot{\'a}vio A},
  booktitle={2016 14th IEEE International New Circuits and Systems Conference (NEWCAS)},
  pages={1--4},
  year={2016},
  organization={IEEE}
}

@inproceedings{silva2017efficient,
  title={An efficient, low-cost ECC approach for critical-application memories},
  author={Silva, Felipe and Lima, Ot{\'a}vio and Freitas, Walter and Vargas, Fabian and Silveira, Jarbas and Marcon, C{\'e}sar},
  booktitle={Proceedings of the 30th Symposium on Integrated Circuits and Systems Design: Chip on the Sands},
  pages={198--203},
  year={2017}
}

@inproceedings{magalhaes2019phicc,
  title={PHICC: an error correction code for memory devices},
  author={Magalh{\~a}es, Philippe and Alc{\^a}ntara, Ot{\'a}vio and Silveira, Jarbas},
  booktitle={2019 32nd Symposium on Integrated Circuits and Systems Design (SBCCI)},
  pages={1--6},
  year={2019},
  organization={IEEE}
}

@article{satoh2000geometric,
  title={Geometric effect of multiple-bit soft errors induced by cosmic ray neutrons on DRAM's},
  author={Satoh, S and Tosaka, Y and Wender, SA},
  journal={IEEE Electron Device Letters},
  volume={21},
  number={6},
  pages={310--312},
  year={2000},
  publisher={IEEE}
}

@article{impact,
  title={Impact of scaling on neutron-induced soft error in SRAMs from a 250 nm to a 22 nm design rule},
  author={Ibe, Eishi and Taniguchi, Hitoshi and Yahagi, Yasuo and Shimbo, Ken-ichi and Toba, Tadanobu},
  journal={IEEE Transactions on Electron Devices},
  volume={57},
  number={7},
  pages={1527--1538},
  year={2010},
  publisher={IEEE}
}

@inproceedings{silva2017evaluation,
  title={Evaluation of multiple bit upset tolerant codes for NoCs buffering},
  author={Silva, Felipe and Magalh{\~a}es, Walter and Silveira, Jarbas and Ferreira, Jo{\~a}o Marcelo and Magalh{\~a}es, Philippe and Lima, Otavio A and Marcon, C{\'e}sar},
  booktitle={2017 IEEE 8th Latin American Symposium on Circuits \& Systems (LASCAS)},
  pages={1--4},
  year={2017},
  organization={IEEE}
}

@article{lawrence2008single,
  title={Single event effect induced multiple-cell upsets in a commercial 90 nm CMOS digital technology},
  author={Lawrence, Reed K and Kelly, Andrew T},
  journal={IEEE transactions on nuclear science},
  volume={55},
  number={6},
  pages={3367--3374},
  year={2008},
  publisher={IEEE}
}

@article{sanchez2012hamming,
  title={Hamming SEC-DAED and extended hamming SEC-DED-TAED codes through selective shortening and bit placement},
  author={Sanchez-Macian, Alfonso and Reviriego, Pedro and Maestro, Juan Antonio},
  journal={IEEE Transactions on Device and Materials Reliability},
  volume={14},
  number={1},
  pages={574--576},
  year={2012},
  publisher={IEEE}
}

@article{sanchez2019reducing,
  title={Reducing false positives due to double adjacent errors in instruction TLBs},
  author={Sanchez-Macian, A and Aranda, LA and Reviriego, P and Maestro, JA},
  journal={Microelectronics Reliability},
  volume={102},
  pages={113494},
  year={2019},
  publisher={Elsevier}
}

@inproceedings{silva2020clc,
  title={CLC-A: An adaptive implementation of the Column Line Code (CLC) ECC},
  author={Silva, Felipe and Muniz, Adahil and Silveira, Jarbas and Marcon, C{\'e}sar},
  booktitle={2020 33rd Symposium on Integrated Circuits and Systems Design (SBCCI)},
  pages={1--6},
  year={2020},
  organization={IEEE}
}

@inproceedings{li2005increasing,
  title={Increasing data TLB resilience to transient errors},
  author={Li, Feihui and Kandemir, Mahmut},
  booktitle={IEEE Computer Society Annual Symposium on VLSI: New Frontiers in VLSI Design (ISVLSI'05)},
  pages={297--298},
  year={2005},
  organization={IEEE}
}

@misc{griffith2005tlb,
  title={TLB parity error recovery},
  author={Griffith Jr, TW and Thatcher, Larry Edward},
  year={2005},
  month=may # "~31",
  publisher={Google Patents},
  note={US Patent 6,901,540}
}

@inproceedings{pagiamtzis2006soft,
  title={A soft-error tolerant content-addressable memory (CAM) using an error-correcting-match scheme},
  author={Pagiamtzis, Kostas and Azizi, Navid and Najm, Farid N},
  booktitle={IEEE Custom Integrated Circuits Conference 2006},
  pages={301--304},
  year={2006},
  organization={IEEE}
}

@article{li2018efficient,
  title={Efficient implementations of 4-bit burst error correction for memories},
  author={Li, Jiaqiang and Xiao, Liyi and Reviriego, Pedro and Zhang, Rongsheng},
  journal={IEEE Transactions on Circuits and Systems II: Express Briefs},
  volume={65},
  number={12},
  pages={2037--2041},
  year={2018},
  publisher={IEEE}
}

@phdthesis{meneghesso2012codigos,
  title={C{\'o}digos Corretores de Erros},
  author={Meneghesso, Carla},
  year={2012},
  school={Universidade Federal de Sao Carlos}
}

@article{milies2009breve,
  title={Breve introdu{\c{c}}ao a teoria dos c{\'o}digos corretores de erros},
  author={Milies, C{\'e}sar Polcino},
  journal={Col{\'o}quio de Matem{\'a}tica da Regi{\~a}o Centro-Oeste, SBM},
  year={2009}
}

@article{kiani2019improving,
  title={Improving instruction TLB reliability with efficient multi-bit soft error protection},
  author={Kiani, Vahdaneh and Reviriego, Pedro},
  journal={Microelectronics Reliability},
  volume={93},
  pages={29--38},
  year={2019},
  publisher={Elsevier}
}

@article{baumann2005soft,
  title={Soft errors in advanced computer systems},
  author={Baumann, Robert},
  journal={IEEE Design \& Test of Computers},
  volume={22},
  number={3},
  pages={258--266},
  year={2005},
  publisher={IEEE}
}